@inproceedings{short2015towards,
  title={Towards robot moderators: understanding goal-directed multi-party interactions},
  author={Short, Elaine and Matari{\'c}, MJ},
  booktitle={AAAI Fall Symposium on Artificial Intelligence and Human-Robot Interaction},
  year={2015}
}
