@article{schwartz2015design,
  title={How to Design an Agenda for an Effective Meeting},
  author={Schwartz, R},
  journal={Harvard Business Review},
  year={2015}
}

@inproceedings{amir2015care,
  title={From care plans to care coordination: Opportunities for computer support of teamwork in complex healthcare},
  author={Amir, Ofra and Grosz, Barbara J and Gajos, Krzysztof Z and Swenson, Sonja M and Sanders, Lee M},
  booktitle={Proceedings of the 33rd Annual ACM Conference on Human Factors in Computing Systems},
  pages={1419--1428},
  year={2015},
  organization={ACM}
}

@article{procaccia2016voting,
  title={Voting rules as error-correcting codes},
  author={Procaccia, Ariel D and Shah, Nisarg and Zick, Yair},
  journal={Artificial Intelligence},
  volume={231},
  pages={1--16},
  year={2016},
  publisher={Elsevier}
}

@article{fatima2004agenda,
  title={An agenda-based framework for multi-issue negotiation},
  author={Fatima, Shaheen S and Wooldridge, Michael and Jennings, Nicholas R},
  journal={Artificial Intelligence},
  volume={152},
  number={1},
  pages={1--45},
  year={2004},
  publisher={Elsevier}
}

@article{lehmann2013sequential,
  title={A sequential analysis of procedural meeting communication: How teams facilitate their meetings},
  author={Lehmann-Willenbrock, Nale and Allen, Joseph A and Kauffeld, Simone},
  journal={Journal of Applied Communication Research},
  volume={41},
  number={4},
  pages={365--388},
  year={2013},
  publisher={Routledge}
}

@article{arber2008team,
  title={Team meetings in specialist palliative care: Asking questions as a strategy within interprofessional interaction},
  author={Arber, Anne},
  journal={Qualitative Health Research},
  volume={18},
  number={10},
  pages={1323--1335},
  year={2008},
  publisher={SAGE Publications}
}