@inproceedings{hahn2016knowledge,
  title={The Knowledge Accelerator: Big picture thinking in small pieces},
  author={Hahn, Nathan and Chang, Joseph and Kim, Ji Eun and Kittur, Aniket},
  booktitle={Proceedings of the 2016 CHI Conference on Human Factors in Computing Systems},
  pages={2258--2270},
  year={2016},
  organization={ACM}
}

@article{caragiannis2017subset,
  title={Subset Selection Via Implicit Utilitarian Voting},
  author={Caragiannis, Ioannis and Nath, Swaprava and Procaccia, Ariel D and Shah, Nisarg},
  journal={Journal of Artificial Intelligence Research},
  volume={58},
  pages={123--152},
  year={2017}
}

@article{schwartz2015design,
  title={How to Design an Agenda for an Effective Meeting},
  author={Schwartz, R},
  journal={Harvard Business Review},
  year={2015}
}

@article{lehmann2013sequential,
  title={A sequential analysis of procedural meeting communication: How teams facilitate their meetings},
  author={Lehmann-Willenbrock, Nale and Allen, Joseph A and Kauffeld, Simone},
  journal={Journal of Applied Communication Research},
  volume={41},
  number={4},
  pages={365--388},
  year={2013},
  publisher={Routledge}
}
